@article{AppleEngineersRebel,
  author={Nichols, Shaun},
  title={Apple engineers rebel, refuse to work on {iOS} amid {FBI} {iPhone} 
    battle},
  journal={The Register},
  month={3},
  year={2016},
  URL={http://www.theregister.co.uk/2016/03/18/apple_fighting_fbi_demand/},
}

@misc{acmcode,
  author={{Association for Computing Machinery}},
  title={Code of Ethics: {ACM} Code of Ethics and Professional Conduct},
  URL={https://www.acm.org/about/code-of-ethics},
  note={Accessed on 4 April 2014},
}
@misc{acmsecode,
  author={{Association for Computing Machinery}},
  title={Software Engineering Code of Ethics and Professional Practice},
  URL={https://www.acm.org/about/se-code},
  note={Accessed on 4 April 2014},
}
@misc{ieeecode,
  author={Institute of Electrical and Electronics Engineers},
  title={{IEEE} Code of Ethics},
  URL={http://www.ieee.org/about/corporate/governance/p7-8.html},
  note={Accessed on 4 April 2014},
}

@misc{schneier-mirai,
	author = {Bruce Schneier},
  title = {Lessons {From} the {Dyn} {DDoS} {Attack} - {Schneier} on {Security}},
  year = {2016},
  url = {https://www.schneier.com/blog/archives/2016/11/lessons_from_th_5.html},
  urldate = {2019-01-17}
}

@article{wired-cambridge-analytica,
  author = {Valdez, Andrea},
  title = {Everything {You} {Need} to {Know} {About} {Facebook} and {Cambridge} {An  alytica}},
  issn = {1059-1028},
  url = {https://www.wired.com/story/wired-facebook-cambridge-analytica-coverage/},
  abstract = {All of WIRED's coverage on the scandal plaguing the social media gian  t.},
  urldate = {2019-01-17},
  journal = {Wired},
  month = 3,
  year = {2018},
  keywords = {Facebook, cambridge analytica}
}

@article{guardian-cambridge-analytica,
  title = {Revealed: 50 million {Facebook} profiles harvested for {Cambridge} {Anal  ytica} in major data breach},
  issn = {0261-3077},
  url = {https://www.theguardian.com/news/2018/mar/17/cambridge-analytica-facebook-  influence-us-election},
  abstract = {Whistleblower describes how firm linked to former Trump adviser Steve   Bannon compiled user data to target American voters},
  language = {en-GB},
  urldate = {2019-01-17},
  journal = {The Guardian},
  author = {Cadwalladr, Carole and Graham-Harrison, Emma},
  month = 3,
  year = {2018},
  keywords = {Brexit, Cambridge Analytica, Data protection, Donald Trump, Facebook,   Politics, Steve Bannon, Technology, UK news, US news, World news}
}

@article{nytimes-cambridge-analytica,
  title = {How {Trump} {Consultants} {Exploited} the {Facebook} {Data} of {Millions  }},
  issn = {0362-4331},
  url = {https://www.nytimes.com/2018/03/17/us/politics/cambridge-analytica-trump-c  ampaign.html},
  abstract = {Cambridge Analytica harvested personal information from a huge swath   of the electorate to develop techniques that were later used in the Trump campaig  n.},
  language = {en-US},
  urldate = {2019-01-17},
  journal = {The New York Times},
  author = {Rosenberg, Matthew and Confessore, Nicholas and Cadwalladr, Carole},
  month = 4,
  year = {2018},
  keywords = {Bannon, Stephen K, Cambridge Analytica, Data-Mining and Database Mark  eting, Facebook Inc, Kogan, Aleksandr, Mercer, Robert (1946- ), Nix, Alexander, O  nline Advertising, Political Advertising, Presidential Election of 2016, Russian   Interference in 2016 US Elections and Ties to Trump Associates, Trump, Donald J,   United States Politics and Government, Wylie, Christopher}
}

@misc{wp-cambridge-analytica,
  author = {Ishaan Tharoor},
  title = {Analysis {\textbar} {The} scary truth that {Cambridge} {Analytica} under  stands},
  url = {https://www.washingtonpost.com/news/worldviews/wp/2018/03/22/the-scary-tru  th-that-cambridge-analytica-understands/},
  abstract = {The controversial British data firm harnessed “authoritarian” sentime  nt around the world.},
  language = {en},
  year = {2018},
  urldate = {2019-01-17},
  journal = {Washington Post},
}

@article{KeysUnderDoormats,
  author = {Abelson, Harold and Anderson, Ross and Bellovin, Steven M. and 
    Benaloh, Josh and Blaze, Matt and Diffie, Whitfield "Whit" and Gilmore, 
    John and Green, Matthew and Landau, Susan and Neumann, Peter G. and 
        Rivest, Ronald L. and Schiller, Jeffrey I. and Schneier, Bruce and 
        Specter, Michael A. and Weitzner, Daniel J.},
  title = {Keys Under Doormats},
  journal = {Commun. ACM},
  issue_date = {October 2015},
  volume = {58},
  number = {10},
  month = sep,
  year = {2015},
  issn = {0001-0782},
  pages = {24--26},
  numpages = {3},
  doi = {10.1145/2814825},
  acmid = {2814825},
  publisher = {ACM},
  address = {New York, NY, USA},
} 

@article{BlocketRobbery,
  title = {Familj rånades i sitt hem – polisen misstänker: {Blocket}-annons 
    ledde rånarna dit},
  url = {https://www.svt.se/nyheter/lokalt/stockholm/bevapnade-garningsman-slog-till-mot-barnfamilj-i-villaomrade-flera-gripna},
  abstract = {Fyra beväpnade rånare slog till hemma hos en barnfamilj i 
    Upplands Väsby norr om Stockholm. En Blocket-annons med värdesaker från 
        familjen ska ha fångat rånarnas intresse, enligt polisens teori. Fyra 
        personer har gripits. – Vi anträffade värdeföremål när de greps, säger 
        Carina Andersson på Stockholmspolisen.},
  language = {sv},
  urldate = {2019-01-18},
  author = {Damon Dastory, Sepáram},
  month = 1,
  year = {2019}
}

