@article{AppleEngineersRebel,
  author={Nichols, Shaun},
  title={Apple engineers rebel, refuse to work on {iOS} amid {FBI} {iPhone} 
    battle},
  journal={The Register},
  month={3},
  year={2016},
  URL={http://www.theregister.co.uk/2016/03/18/apple_fighting_fbi_demand/},
}

@misc{acmcode,
  author={{Association for Computing Machinery}},
  title={Code of Ethics: {ACM} Code of Ethics and Professional Conduct},
  URL={https://www.acm.org/about/code-of-ethics},
  note={Accessed on 4 April 2014},
}
@misc{acmsecode,
  author={{Association for Computing Machinery}},
  title={Software Engineering Code of Ethics and Professional Practice},
  URL={https://www.acm.org/about/se-code},
  note={Accessed on 4 April 2014},
}
@misc{ieeecode,
  author={Institute of Electrical and Electronics Engineers},
  title={{IEEE} Code of Ethics},
  URL={http://www.ieee.org/about/corporate/governance/p7-8.html},
  note={Accessed on 4 April 2014},
}

@article{garber2014roundup,
  author={Garber, Lee},
  title={Security, Privacy, Policy, and Dependability Roundup},
  journal={IEEE Security {\&} Privacy},
  volume={12},
  number={1},
  ISSN={1540-7993},
  year={2014},
  pages={9-10},
  doi={http://dx.doi.org/10.1109/MSP.2014.13},
  publisher={IEEE Computer Society},
  address={Los Alamitos, CA, USA},
}

@article{landau2013snowden,
  author={Landau, Susan},
  title={Making Sense from {Snowden}: What's Significant in the {NSA} 
    Surveillance Revelations},
  journal={IEEE Security {\&} Privacy},
  volume={11},
  number={4},
  ISSN={1540-7993},
  pages={54--63},
  year={2013},
  publisher={IEEE Computer Society},
  address={Los Alamitos, CA, USA},
  doi={http://dx.doi.org/10.1109/MSP.2013.90},
}
@article{landau2014highlights,
  title={Highlights from Making Sense of {Snowden}, Part II: What's Significant 
    in the NSA Revelations},
  author={Landau, Susan},
  journal={IEEE Security {\&} Privacy},
  volume={12},
  number={1},
  ISSN={1540-7993},
  pages={62--64},
  year={2014},
  publisher={IEEE Computer Society},
  address={Los Alamitos, CA, USA},
  doi={http://dx.doi.org/10.1109/MSP.2013.161},
}

@misc{Roberts2012wia,
  author={Roberts, Paul},
  title={Wayward {Instagram} account creates security scare for {Norwegian} 
    Royal family},
  year={2012},
  month={8},
  URL={http://nakedsecurity.sophos.com/2012/08/23/instagram-norway-royals/},
}
@misc{effsurveil,
  author={{Electronic Frontier Foundation}},
  title={Mass Surveillance Technologies},
  URL={https://www.eff.org/issues/mass-surveillance-technologies},
  note={Accessed 4 April 2014},
}

